%%WHOI
@TechReport{FreiSpecFhFsk,
author = {L. Freitag},
title = {FHFSK Coding and Modulation Specification},
institution = {Woods Hole Oceanographic Institution},
year = {2005},
number = {0},
}
@TechReport{FreiSpecDataLayer,
author = {L. Freitag and S. Singh},
title = {Compact Data Layer for Acoustic Communications},
institution = {Woods Hole Oceanographic Institution},
year = {2004},
number = {0},
}
@TechReport{FreiSpecMini,
author = {L. Freitag},
title = {WHOI Mini-Packet Format Description},
institution = {Woods Hole Oceanographic Institution},
year = {2004},
number = {0},
}
@TechReport{FreiFhFsk,
title = {Multi-User Frequency-Hopping Underwater Acoustic Communication Protocol},
author = {L. Freitag},
organization = {Woods Hole Oceanographic Institution},
year = {2000},
number = {0},
}


%%Manuals
@Manual{Ava15,
title = {Avalon Interface Specifications},
organization = {Altera},
year = {2015},
edition = {14.1},
address = {101 Innovation Drive, San Jose, CA 95134}
}
@Manual{Tra06,
title = {Transducer TC1026 - High Power Communications Transducer},
organization = {Reson},
year = {2006},
edition = {B129 070301},
address = {Germany}
}
@Manual{FFTMan,
title = {FFT MegaCore Function - User Guide},
organization = {Altera},
year = {2012},
edition = {12.1},
address = {101 Innovation Drive, San Jose, CA 95134}
}
@Manual{VitMan,
title = {Viterbi Compiler},
organization = {Altera},
year = {2012},
edition = {12.1},
address = {101 Innovation Drive, San Jose, CA 95134}
}
@Manual{Crc09,
title = {CRC Compiler User Guide},
organization = {Altera},
year = {2009},
edition = {9.1},
address = {101 Innovation Drive, San Jose, CA 95134}
}
@Manual{StrMan,
title = {Stratix II EP2S180 DSP Development Board - Reference Manual},
organization = {Altera},
year = {2005},
edition = {1.0.0},
address = {101 Innovation Drive, San Jose, CA 95134}
}
@Manual{Ana01,
title = {12-Bit, 105 MSPS/125 MSPS IF Sampling A/D Converter - AD9433},
organization = {Analog Devices},
address = {One Technology Way, P.O. Box 9106, Norwood, MA 02062-9106, U.S.A.},
edition = {Rev. 0},
year = {2001},
url = {http://www.analog.com/media/en/technical-documentation/data-sheets/AD9433.pdf},
lastchecked = {15.9.2015}
}
@Manual{StrHan1,
title = {Stratix II Device Handbook, Volume 1},
organization = {Altera},
address = {101 Innovation Drive, San Jose, CA 95134},
year = {2011},
edition = {SII5V1-4.5}
}
@Manual{StrHan2,
title = {Stratix II Device Handbook, Volume 2},
organization = {Altera},
address = {101 Innovation Drive, San Jose, CA 95134},
year = {2009},
edition = {SII5V2-4.5}
}
@Manual{Sig08,
title = {SignalTap II with VHDL Designs},
organization = {Altera},
address = {101 Innovation Drive, San Jose, CA 95134},
year = {2008},
url = {ftp://ftp.altera.com/up/pub/Tutorials/DE2/Digital_Logic/tut_signaltapII_vhdlDE2.pdf},
lastchecked = {15.9.2015}
}
@Manual{Ope07,
title = {OpenCore Plus Evaluation of Megafunctions},
organization = {Altera},
address = {101 Innovation Drive, San Jose, CA 95134},
edition = {v. 1.6},
year = {2007},
url = {https://www.altera.com/content/dam/altera-www/global/en_US/pdfs/literature/an/an320.pdf},
lastchecked = {15.9.2015}
}
@Manual{AvaMM07,
title = {Avalon Memory-Mapped Interface Specification},
organization = {Altera},
address = {101 Innovation Drive, San Jose, CA 95134},
edition = {3.3},
year = {2007},
url = {http://www.cs.columbia.edu/~sedwards/classes/2008/4840/mnl_avalon_spec.pdf},
lastchecked = {17.9.2015}
}
@Manual{MegLib13,
title = {MegaCore IP Library - Release Notes and Errata},
organization = {Altera},
address = {101 Innovation Drive, San Jose, CA 95134},
edition = {RN-IP-12.0},
year = {2013},
url = {https://www.altera.co.jp/ja_JP/pdfs/literature/rn/archives/rn_ip_121.pdf},
lastchecked = {17.9.2015}
}



%% Bücher
@book{BosENT,
author = {Prof. Dr.-Ing Martin Bossert},
title = {Einführung in die Nachrichtentechnik},
publisher = {Oldenbourg Verlag},
year = {2012},
isbn = {978 3 486 70880 6}
}
@book{Waite,
author = {A. D. Waite},
title = {Sonar for Practising Engineers},
publisher = {John Wiley \& Sons, LTD},
year = {2002},
isbn = {0 471 49750 9},
edition = {Third Edition},
}
@book{Joh92,
author = {Jens Johann},
title = {Modulationsverfahren: Grundlagen analoger und digitaler Übertragungssysteme},
publisher = {Springer Verlag},
year = {1992},
isbn = {978 3 642 84817 9},
}
@book{Gaj09,
author = {Daniel D. Gajski and others},
title = {Embedded System Design},
publisher = {Springer},
year = {2009},
isbn = {978 1 4419 0503 1}
}


%%Masterarbeiten und andere Arbeiten des Instituts
@MastersThesis{Bla08,
author = {Joachim Blank},
title = {Entwurf und Matlab-Simulation eines akustischen Modems zur Unterwasserkommunikation},
school = {Universität Ulm},
year = {2008},
}
@MastersThesis{Mis08,
author = {Christian Mischke},
title = {Entwurf und Simulation eines Verfahrens zur Positionsbestimmung eines autonomen Unterwasserfahrzeugs},
school = {Universität Ulm},
year = {2008},
}
@MastersThesis{Ufu14,
author = {Ufuk Ünsal},
title = {Analysis, Integration and Adaptive Selection of High-Performance Channel Coding Methods for Acoustic Underwater Communication},
school = {Universität Ulm},
year = {2014},
}
@TechReport{Bar10,
author = {Georg Barnickel},
title = {Assemblierung und Vermessung eines Modems
zur akustischen Unterwasserkommunikation},
institution = {Universität Ulm},
year = {2010},
number = {0},
OPTnote = {PSK-Modulation}
}


%%Artikel und sonstige Arbeiten aus dem Internet
@TechReport{Frei11,
author = {Lee Freitag and Matthew Grund and Sandipa Singh and James Partan and Peter Koski and Keenan Ball},
title = {The WHOI Micro-Modem: An Acoustic Communications and
Navigation System for Multiple Platforms},
institution = {Woods Hole Oceanographic Institution},
year = {2005},
number = {0},
url = {ftp://soest.hawaii.edu/bhowe/outgoing/AMM/ALOHA_Mooring/ALOHA%20Mooring/Sensors/Micro%20Modem/MicromodemOceans2005.pdf},
lastchecked = {14.9.2015}
}
@Article{Pom09,
author = {D. Pompili and I.F. Akyildiz},
title = {Overview of networking protocols for underwater wireless communications},
journal = {Communications Magazine, IEEE},
year = {2009},
volume = {47},
number = {1},
OPTpages = {97-102}
}
@Article{Gri11,
author = {Markus Grimm},
title = {Akustische Unterwasserkommunikation},
journal = {Seminar Sensorknoten an der Technische Universität München},
year = {2011},
url = {http://www.net.in.tum.de/fileadmin/TUM/NET/NET-2011-07-1/NET-2011-07-1_07.pdf},
lastchecked = {16.8.2015}
}
@TechReport{Sil11,
author = {SiliconLabs},
title = {Data Whitening Demo Code},
institution = {Silicon Laboratories Inc.},
year = {2011},
url = {http://www.silabs.com/Support%20Documents/TechnicalDocs/AN592.pdf},
lastchecked = {16.8.2015},
number = {0},
note = {Rev. 0.1}
}
@Book{TUM15,
author = {Prof. Günter Söder},
title = {Stochastische Signaltheorie},
publisher = {Technische Universität München},
year = {2015},
note = {Online Lerntutorial},
url = {http://www.lntwww.de/downloads/Stochastische%20Signaltheorie/},
lastchecked = {16.8.2015}
}
@TechReport{Alf96,
author = {Peter Alfke},
title = {Efficient Shift Registers, LFSR Counters, and Long Pseudo-Random Sequence Generators},
institution = {Xilinx},
year = {1996},
url = {http://www.xilinx.com/support/documentation/application_notes/xapp052.pdf},
lastchecked = {23.8.2015},
number = {0},
note = {Version 1.1}
}
@Misc{Doh08,
key = {Doherty},
author = {Simon Doherty},
title = {waveform\_gen.vhd},
year = {2008},
note = {Senior Design Consultant},
url = {www.zipcores.com}
}
@Misc{StrPic,
title = {DSP Entwicklungsboard Stratix II},
key = {DSP Entwicklungsboard Stratix II},
url = {http://doc.xdevs.com/doc/ALTERA/DSP_DK2S60/photo/dkdsp_2s60_top.jpg},
lastchecked = {15.9.2015}
}
