@Manual{Ava15,
title = {Avalon Interface Specifications},
organization = {Altera},
year = {2015},
edition = {15.1},
address = {101 Innovation Drive, San Jose, CA 95134}
}
@TechReport{LES16,
author = {Benjamin Menhorn and Kilian Kempf and Heiko Ehret},
title = {Labor Eingebettete Systeme},
institution = {Institut für Eingebettete Systeme und Echtzeitsysteme, Universität Ulm},
year = {2016},
number = {0}
}
@Manual{DE2,
title = {Terasic DE2-115 User Manual},
organization = {Altera},
year = {2010},
edition = {V1.02},
address = {101 Innovation Drive, San Jose, CA 95134}
}